2848 4935
608 489 695 552 20
1008 472 1191 535 1011.
1226 471 1644 577 ammei
1687 448 2278 537 LEnEans

517 640 1171 720 16instructissimae
1202 639 1370 706 mihi
1399 642 1586 706 omni
1625 643 1783 709 alias
1817 642 2144 710 librorum
2173 636 2610 730 supellectile,

614 744 849 822 utpote
877 728 1057 817 apud
1088 740 1354 793 exteros
1382 728 1668 814 degmti,
1716 729 2040 794 destituto
2069 729 2253 793 iuxta
2281 725 2446 792 alios
2470 727 2611 811 hu-

612 816 1038 886 manissimos
1098 813 1285 877 viros
1332 826 1770 879 concesserat.
1867 815 2049 881 Haec
2092 811 2393 879 breviter
2448 822 2614 877 sunt·

613 905 734 972 illa
782 898 1109 978 subsidia,
1190 896 1436 981 quibus
1477 897 1752 965 adiutus
1804 900 1981 965 hanc
2023 898 2187 979 tibi,
2278 897 2611 969 benevole

617 982 847 1068 lector,
890 984 1250 1051 editionem
1279 983 1658 1071 procuravi.
1748 986 1923 1051 Hinc
1955 984 2112 1050 inde
2132 983 2446 1070 equidem
2474 982 2612 1047 ali-

618 1072 781 1162 quid
822 1086 1091 1166 quoque
1125 1067 1210 1132 de
1250 1090 1406 1133 meo
1456 1069 1786 1135 adiectum
1823 1070 2125 1155 videbis,
2168 1090 2409 1135 verum
2451 1088 2610 1131 cum

618 1158 940 1244 exiguum
984 1154 1153 1219 lllnd
1198 1151 1324 1236 sit,
1384 1176 1512 1218 nec
1551 1156 1752 1229 tanti,
1801 1167 1881 1221 ut
1921 1155 2068 1245 ipse
2115 1153 2344 1242 magni
2385 1151 2610 1218 facere

668 1265 903 1323 neam,
970 1239 1263 1324 ideoque
1314 1236 1580 1305 silentio
1641 1239 1805 1306 illud
1861 1240 2236 1328 praeterire
2345 1249 2610 1304 raestat.

608 1268 808 1415 Rogo
858 1336 1088 1391 tamea
1127 1322 1291 1388 velit
1335 1323 1704 1391 benevolus
1745 1326 1960 1397 lector
1989 1326 2222 1391 omnia
2254 1324 2395 1406 ila,
2438 1344 2614 1409 quae

620 1439 666 1481 a
710 1434 823 1480 me
869 1407 1154 1512 sparsim
1198 1407 1552 1477 observata
1578 1420 1735 1477 sunt
1763 1432 1848 1474 eo
1873 1412 2094 1508 legere
2119 1408 2362 1481 studio,
2407 1429 2613 1496 quoa

621 1521 739 1570 mc
790 1506 1038 1586 scripta
1080 1505 1256 1569 sunt,
1300 1506 1369 1559 et
1404 1517 1632 1563 secum
1674 1507 1996 1583 tempons
2022 1494 2428 1581 angustiam,
2473 1513 2613 1576 quo

621 1584 884 1651 labores
912 1578 1051 1646 mei
1076 1578 1560 1668 circumscripti
1583 1592 1776 1645 erant
1802 1580 2246 1669 perpendere,
2287 1580 2459 1643 etin
2484 1577 2613 1640 bo·-

622 1690 783 1737 nam
837 1667 953 1732 illa
992 1665 1423 1753 interpretari
1459 1675 1763 1751 partem5
1809 1677 1926 1729 aut
1961 1664 2018 1728 si
2052 1664 2334 1732 meliora
2362 1665 2612 1727 uostris

618 1752 934 1827 habebit,
980 1768 1060 1815 eo
1106 1748 1421 1840 proferre
1466 1750 1693 1814 animo
1722 1759 1793 1813 et
1821 1749 2432 1835 nostracotfrigcre,
2478 1764 2612 1832 quo

620 1864 749 1911 nos
796 1837 1084 1905 aliorum
1118 1832 1574 1933 παρορᾶμριτα
1612 1834 2070 1901 indicavimus.
2119 1835 2215 1899 sic
2257 1832 2438 1897 enim
2475 1852 2613 1895 non

622 1937 885 1991 tantum
914 1942 1062 2007 ego,
1104 1920 1217 1984 sed
1248 1932 1319 1985 et
1350 1940 1708 1999 universus
1736 1916 1917 1984 orbis
1942 1919 2366 1984 literatorum
2402 1918 2615 1982 habe-
2710 1934 2720 1951 ⁸

610 2010 722 2077 bit
753 2009 839 2073 de
864 2029 1004 2093 quo
1030 2002 1159 2069 sibi
1183 2006 1604 2092 gratuletur,
1664 2016 1737 2068 et
1763 2005 1945 2071 unde
1976 2002 2615 2090 ulterius-proficere
2723 2034 2728 2041 ·

621 2093 848 2184 possit.
934 2088 1181 2170 Aliqua
1218 2089 1500 2154 ibt-tasse
1555 2101 1792 2171 erunt,
1863 2111 2036 2175 quae
2074 2090 2133 2154 si
2179 2090 2408 2155 limam
2453 2086 2613 2152 huic

624 2178 880 2246 addere
909 2172 1187 2239 editioni
1218 2173 1532 2255 licuisset,
1571 2186 1963 2260 mutassem,
2006 2185 2126 2241 aut
2154 2174 2345 2241 obelo
2378 2186 2615 2238 notas-

608 2284 807 2339 sem,
862 2260 948 2325 ob
994 2257 1304 2347 δευτέρας
1349 2261 1745 2345 φροντίδας,
1804 2283 1966 2347 quas
2008 2262 2212 2327 etiam
2252 2257 2612 2345 woverbio

622 2366 709 2418 oo
935 2366 1015 2421 ας
1068 2340 1371 2411 dicimus.
1459 2344 1712 2411 Verum
1757 2348 1884 2412 erit
1930 2345 2212 2412 fortasse
2251 2345 2450 2408 etiam
2483 2342 2613 2406 ali-

620 2457 714 2522 qu
744 2456 774 2497 s
819 2430 906 2495 de
945 2428 1049 2494 his
1075 2428 1237 2495 olim
1270 2429 1535 2497 dicendi
1561 2431 1773 2497 locus.
1861 2433 2146 2498 Manum
2179 2450 2362 2508 nunc
2398 2429 2483 2494 de
2507 2440 2614 2493 ta·-

625 2519 823 2596 bula,
866 2511 1042 2601 quod
1093 2514 1322 2590 aiunt,
1378 2537 1747 2598 moverem,
1792 2518 1918 2583 nisi
1954 2518 2173 2584 adhuc
2216 2538 2409 2582 amor
2451 2534 2614 2600 erga

616 2603 966 2672 Pollucem
1008 2621 1274 2681 meum,
1314 2601 1458 2666 imo
1495 2603 1890 2668 universam
1939 2603 2271 2669 Graecam
2305 2601 2614 2667 literatu-

618 2710 768 2755 ram
818 2709 860 2754 a
894 2708 1045 2763 me,
1088 2697 1167 2752 ut
1209 2686 1489 2751 ulterius
1540 2687 1697 2774 quid
1746 2687 1818 2752 iu
1847 2685 2122 2774 publico
2155 2688 2613 2753 hicmonere—

618 2786 774 2853 tur,
832 2769 1263 2858 efflagitaret.⁴
1292 2769 1593 2836 subsidia
1641 2769 1892 2836 scilicet
1932 2772 2158 2837 adhuc
2195 2773 2365 2854 alia,
2435 2791 2609 2859 quae

616 2859 967 2927 Pollucem
1008 2856 1100 2921 im
1130 2866 1452 2920 ‘osterum
1497 2852 1673 2921 forte
1707 2856 1989 2921 ulterius
2030 2879 2369 2926 exornare
2411 2869 2609 2945 pote·-

619 2954 803 3022 runt,
853 2940 908 3006 si
936 2939 1086 3004 cuii
1163 2937 1388 3004 facere
1418 2937 1630 3005 fuerit
1656 2939 1940 3007 animus.
2008 2945 2371 3029 Postquam
2399 2940 2609 3006 nimi-

618 3049 777 3093 rum
816 3045 1172 3091 revocarer
1194 3023 1267 3086 in
1287 3023 1596 3106 patriam,
1642 3038 1708 3090 et
1734 3026 1809 3091 in
1840 3028 2063 3094 medio
2091 3049 2292 3095 cursu
2321 3027 2607 3093 abrum-

615 3110 922 3200 pendum
962 3107 1164 3174 huius
1208 3108 1524 3175 editionis
1562 3109 1756 3176 filum
1788 3125 1991 3196 esset,
2048 3114 2121 3180 in
2163 3115 2404 3180 itinere
2450 3131 2604 3176 meo
2663 3173 2670 3180 .

670 3219 745 3263 er
774 3194 1290 3272 Galliam‚‘cum
1325 3194 1658 3261 Lutetiam
1682 3197 2088 3266 Parisiorum
2129 3200 2494 3270 venissem,
2540 3204 2610 3259 et

616 3221 1010 3351 Eumanitbr
1040 3277 1132 3343 ibi
1166 3303 1216 3345 a
1246 3277 1795 3348 christianissimi
1828 3285 2027 3370 Regis
2063 3279 2606 3362 bibliothecariis,

618 3363 1003 3434 clarissimis
1044 3364 1207 3429 viris
1248 3365 1592 3431 Clemente
1618 3378 1686 3432 et
1710 3369 1995 3435 Boivino
2025 3391 2238 3436 essem
2265 3379 2607 3455 exceptus,

614 3453 691 3518 in
729 3452 955 3539 regiae
997 3448 1177 3516 illius
1228 3449 1673 3517 bibliothecae
1733 3454 2050 3522 thesauro
2091 3454 2315 3523 incom
2370 3451 2607 3520 arabili

615 3537 839 3605 adhuc
880 3537 1090 3601 latere
1122 3535 1433 3621 'quinque
1477 3538 1734 3603 codices
1784 3539 2059 3608 MSStos
2108 3542 2263 3609 Iulii
2366 3536 2604 3607 cuncis

613 3620 1066 3711 deprehendi,
1112 3641 1278 3705 quos
1305 3620 1379 3685 in
1418 3633 1648 3688 nostra
1676 3622 1970 3691 editione
1993 3649 2151 3693 cum
2181 3626 2376 3692 editis
2399 3643 2605 3689 nemo

617 3701 799 3793 quod
856 3704 1065 3771 sciam
1122 3707 1513 3773 contulerat.
1611 3708 1743 3774 Per
1797 3713 2146 3799 exiguum·
2169 3713 2396 3794 itaque
2435 3704 2608 3772 illud

612 3789 975 3878 temporis,
1027 3792 1211 3875 quod
1256 3794 1664 3858 commorari
1695 3793 1869 3862 mihi
1898 3797 2147 3863 ibidem
2181 3793 2393 3875 licuit,
2488 3812 2608 3855 er·-

615 3898 895 3944 cnrrere
934 3874 1086 3942 illos
1131 3875 1348 3966 coepi.
1435 3877 1533 3942 Ut
1580 3889 1805 3945 antem
1852 3880 1971 3946 ubi
2004 3878 2353 3963 incipiant,
2395 3812 2604 3941 ussive

611 3960 890 4038 finiant,
950 3959 1324 4027 benevolus
1361 3960 1577 4026 lector
1612 3984 1752 4029 uno
1797 3965 2046 4034 intuitu
2071 3965 2262 4050 sciat,
2305 3962 2602 4030 breviter

612 4046 702 4112 de
734 4045 1013 4133 singulis
1043 4045 1313 4113 dicams

782 4131 1015 4199 Codex
1054 4133 1107 4201 Ι.
1156 4141 1299 4197 erat
1338 4130 1730 4198 chartaceus
1782 4134 1852 4199 in
1894 4129 2097 4208 folio,
2155 4133 2457 4222 signatus
2485 4155 2601 4200 no.

607 4222 798 4289 2647.
827 4215 949 4306 qui
974 4215 1251 4306 incipiu
1306 4215 1782 4301 Πολυδεύκους
1809 4215 2297 4306 Ὀνομαστικῶν
2330 4220 2597 4308 βιβλίον
