2848 4935
632 403 723 466 ,ις
876 452 887 473 ,
1038 354 2217 460 ιοΗ.ΗΕΝιυοιιΕι’)ΕἰιιιΝι
2303 392 2384 471 ·,

638 565 834 635 editis
860 568 1006 633 sius
1035 562 1372 653 operibus,
1397 575 1466 628 et
1495 562 1928 629 describendo
1956 564 2097 629 eius
2126 577 2412 645 tractatu
2439 560 2625 632 nun-

638 674 842 740 quam
874 651 1196 715 hactenus
1226 652 1404 714 edito
1431 648 1582 733 περὶ
1605 654 1836 735 κοινῆς
1864 655 2338 738 μαθηματικῆς.
2395 652 2622 741 Quem

636 732 1012 804 auctorem‘
1050 737 1357 805 editurus
1413 736 1612 800 modo
1657 736 1965 801 laudatus
2014 758 2118 801 vir
2171 736 2429 813 fuerat,
2493 736 2624 801 nisi

635 822 1221 910 typographorum
1259 823 1488 898 παῖδες
1513 821 1887 887 cunctando
1915 844 2082 924 opus
2109 820 2240 887 hoo
2272 822 2621 910 impediis·
2721 874 2724 876 .

634 919 804 975 sent.
890 906 1130 1007 Quare
1167 906 1340 971 nihil
1384 926 1652 993 quoque
1696 907 1840 972 eius
1877 930 1975 973 rei
2009 907 2348 995 publicum
2387 909 2624 973 bacte-

634 1014 768 1059 nus
820 993 1022 1072 vidit,
1103 1002 1372 1092 praeter
1427 990 1806 1057 versionem
1856 989 1948 1055 de
2002 994 2137 1059 vita
2179 991 2623 1093 Pythagorae,

604 1080 840 1165 'quam
887 1076 1163 1143 illustris
1210 1075 1321 1140 <tir
1372 1098 1619 1163 magno
1674 1098 1828 1142 cum
1878 1099 2184 1144 successu
2237 1076 2622 1147 felicissime

635 1163 946 1231 coniecit.
1026 1162 1335 1248 Reliquas
1382 1184 1552 1228 vero
1589 1161 2014 1240 innumeras,
2070 1185 2234 1249 quas
2278 1165 2624 1252 excerpsi-

632 1272 787 1317 mus
829 1272 914 1314 ex
958 1270 1163 1314 manu
1209 1259 1486 1312 exarato
1527 1246 1751 1314 codice
1798 1249 2252 1315 restitutiones
2296 1269 2432 1313 uua
2459 1270 2617 1314 cum

633 1334 809 1401 libro
847 1326 1095 1400 inedito
1136 1332 1288 1417 περὶ
1327 1338 1557 1420 κοινῆς
1595 1332 2081 1431 μαθηματικῆς,
2140 1332 2618 1413 eruditissimo,

634 1420 800 1487 dum
821 1421 1107 1502 viveret,
1132 1420 1284 1485 viro
1314 1419 1622 1485 Thomae
1653 1419 1846 1498 Gale,
1892 1441 2008 1506 qul
2036 1418 2381 1484 lamblichi
2410 1442 2453 1483 o
2503 1441 2620 1485 era

631 1528 709 1572 se
736 1504 809 1570 in
842 1506 1081 1592 Anglia
1112 1505 1451 1569 editurum
1484 1504 1906 1590 promiserat,
1954 1503 2349 1573 transmisit.
2492 1518 2620 1569 ua‘o

632 1592 880 1671 omnia,
925 1603 1003 1656 ut
1029 1591 1231 1673 etiam
1256 1599 1410 1676 post
1438 1589 1688 1656 horum
1725 1588 1912 1654 omni
1951 1586 2198 1677 peritia
2247 1589 2611 1657 celebnum

628 1676 944 1742 virorum
984 1673 1121 1742 fata
1159 1674 1241 1752 ii,
1286 1673 1362 1740 in
1405 1694 1695 1761 quorum
1717 1684 1877 1739 sunt
1900 1673 2248 1750 manibus.
2291 1697 2428 1740 non
2457 1674 2619 1740 diu·-

626 1760 766 1830 tius
805 1762 1022 1828 latere
1060 1761 1315 1839 sinant,
1359 1758 1589 1844 quavis
1631 1755 1838 1823 animi
1871 1758 2301 1825 contentione
2329 1759 2617 1848 rogandi
2663 1820 2684 1830 ,,

624 1856 815 1914 sunu·
887 1844 1033 1914 Hoc
1073 1844 1305 1912 labore
1342 1844 1416 1909 in
1443 1841 1879 1911 Iamblichum
1908 1845 1992 1909 a‘d
2022 1844 2224 1910 finem
2257 1850 2609 1933 perducto,

625 1952 785 1998 cum
810 1931 1114 2019 Belgium
1142 1930 1329 1995 adire
1355 1941 1527 1994 esset
1554 1928 1841 2008 animus,
1887 1941 2348 2017 opportunum
2376 1946 2622 1997 nactus

625 2016 941 2081 eomitem
1002 2017 1230 2080 virum
1258 2013 1695 2101 ‘reipublicae
1752 2013 2083 2081 literariae
2138 2015 2317 2082 bono
2373 2028 2616 2083 natum

622 2102 773 2170 Ioh.
800 2098 1171 2167 He‘nrieum
1203 2098 1679 2178 Wetstenium,
1721 2099 1815 2164 sie
1849 2099 2302 2189 permittente,
2341 2102 2484 2166 imo
2512 2101 2616 2165 in-

625 2185 874 2251 citante
912 2182 1153 2251 illustri
1205 2183 1591 2265 Obrechto,
1664 2204 1817 2249 cum
1880 2206 2010 2272 quo
2065 2185 2192 2250 iter
2242 2204 2611 2274 aggressus,

619 2271 913 2340 feliciter
955 2270 1565 2338 Amstela'edamum
1603 2269 1895 2359 perveni.
1941 2270 2114 2335 *Ubi
2155 2292 2312 2338 cum
2344 2293 2615 2338 memo-

620 2358 810 2427 ratus
838 2354 1251 2425 Wetstenius
1291 2357 1366 2424 in
1406 2355 1652 2420 itinere
1674 2356 1929 2444 pariter
1962 2362 2038 2420 et*
2060 2355 2215 2421 dein
2246 2357 2426 2422 domi
2455 2366 2614 2423 sae-

619 2442 775 2534 pius
820 2452 1160 2522 narraret,
1209 2460 1343 2529 qua
1384 2441 1649 2507 ratione
1693 2440 1842 2507 Iulii
1865 2441 2154 2526 Pollucis
2185 2439 2612 2507 Onomastioi

621 2527 991 2612 editionem,
1044 2541 1302 2594 novam
1359 2527 1682 2593 instinctu
1730 2526 2252 2594 clarissimorum
2297 2527 2609 2593 virorum

618 2626 687 2679 et
709 2612 1045 2700 imprimis
1088 2611 1414 2680 Obrechti
1447 2613 1924 2693 meditaretur,
1967 2623 2476 2700 recenseretque
2505 2634 2608 2692 ea,

617 2719 794 2783 quae
831 2700 967 2766 iam
1006 2697 1081 2763 i'n
1128 2717 1280 2766 eam
1318 2719 1469 2762 rem
1513 2696 2011 2784 conquisivisset
2053 2697 2352 2786 undique
2384 2697 2610 2762 subsi-

617 2784 762 2863 dia,
801 2784 941 2849 imo
988 2783 1260 2850 tandem
1304 2779 1727 2847 Obrechtum
1780 2780 1907 2846 sibi
1956 2803 2068 2846 me
2107 2804 2246 2847 nou
2294 2783 2608 2850 inutilem

612 2870 638 2934 i
687 2868 743 2934 si
784 2879 1199 2937 navaturum
1221 2867 1294 2931 in
1331 2864 1593 2930 edendo
1621 2865 1750 2931 hoe
1796 2877 2075 2933 auctore
2103 2889 2379 2956 operam
2412 2890 2607 2956 spem

650 2951 883 3025 eeisse,
944 2973 1050 3042 sae
1099 2951 1207 3015 ius
1248 2961 1619 3036 repeteret.
1692 2970 1812 3050 ego
1870 2973 2040 3020 vero
2087 2953 2374 3022 subinde
2411 2965 2606 3022 tanto

618 3037 813 3108 oneri
841 2971 1123 3104 serenio
1152 3056 1339 3101 meos
1373 3034 1694 3104 humeros
1733 3058 2024 3124 impares
2056 3060 2198 3105 esse
2222 3039 2291 3110 in
2340 3040 2604 3111 emina..

613 3139 803 3203 rem3
845 3144 995 3192 ecce
1025 3121 1405 3186 redduntur
1437 3120 1624 3189 nobis
1650 3122 1883 3194 literae
1912 3122 1998 3189 ab
2028 3124 2266 3191 illustri
2356 3123 2610 3190 brech-

613 3215 708 3288 t'o‚
751 3210 824 3275 in
924 3205 1122 3276 uibus
1162 3229 1201 3271 a
1249 3204 1457 3278 biblio
1510 3209 1615 3276 ola
1655 3217 1724 3272 et
1759 3229 1799 3274 a
1840 3230 1953 3273 me
1993 3209 2332 3298 specimen
2383 3229 2602 3277 novae

612 3293 814 3360 huius
843 3315 880 3361 e
928 3291 1148 3362 itionis
1176 3291 1363 3382 petit.
1447 3229 1704 3364 gerum
1735 3315 1886 3364 cum
1915 3315 2005 3359 ne
2037 3294 2131 3363 sio
2162 3295 2435 3381 quidem
2467 3296 2606 3362 hoo

609 3379 685 3446 in
724 3399 835 3444 me
878 3400 1051 3444 onus
1078 3371 1428 3477 ‘suscipere
1467 3378 1810 3458 auderem,
1849 3388 1918 3443 et
1941 3379 2206 3464 quidvis
2238 3380 2459 3468 potius
2488 3402 2602 3446 me

608 3463 975 3542 facturum,
1019 3483 1215 3549 quam
1248 3475 1696 3529 immaturum
1729 3461 1988 3533 foetum
2019 3465 2089 3531 in
2117 3466 2332 3536 lucem
2364 3465 2602 3555 publi-

609 3572 761 3616 cam
810 3549 1175 3616 enixurum
1220 3547 1548 3624 dicerem,
1596 3547 1762 3614 aliae
1789 3548 2007 3631 nobis,
2050 3562 2118 3616 et
2152 3550 2318 3618 mihi
2348 3549 2602 3637 impri-

608 3635 741 3704 mis
782 3637 1145 3704 traduntur
1182 3633 1454 3714 literae,
1522 3631 1766 3720 quibus
1815 3656 1955 3702 non
1998 3655 2107 3704 am
2160 3636 2289 3705 lius
2323 3632 2599 3723 petebat

608 3717 893 3788 illustri·
938 3720 1081 3804 vir,
1128 3719 1240 3784 sed
1288 3720 1509 3808 plane,
1551 3731 1634 3786 ut
1667 3737 1929 3786 morem
1962 3729 2077 3786 tan
2130 3741 2234 3787 em
2264 3739 2592 3806 gererem,

607 3804 1002 3892 imperabat.
1087 3805 1163 3872 In
1196 3804 1300 3871 his
1332 3803 1731 3873 constitutus
1756 3805 2094 3889 angustiis,
2139 3823 2294 3870 eum
2326 3802 2598 3893 petitio-

607 3888 810 3956 nibus
852 3901 916 3954 et
957 3890 1242 3978 imperio
1284 3888 1572 3957 illustris
1616 3887 1748 3953 viri
1796 3912 1883 3960 ne
1917 3889 2323 3970 resisterem,
2367 3886 2595 3954 debita

608 3997 770 4062 erga
808 3974 1005 4044 illum
1055 3997 1138 4044 ex
1189 3995 1323 4040 una
1360 3986 1557 4066 parte
1600 3974 1977 4047 veneratio,
2039 3993 2126 4037 ex
2174 3973 2385 4039 altera
2427 3994 2595 4039 vero

609 4059 970 4148 impediret
1004 4059 1330 4131 naturalis
1370 4058 1725 4140 timiditas,
1796 4067 1863 4126 et
1893 4055 2364 4128 imbeeillitatis
2399 4080 2592 4124 meae

607 4146 1052 4240 qensciemis,
1136 4142 1300 4215 vicit
1352 4145 1625 4217 tandem
1678 4143 1810 4216 viri
1861 4142 2237 4216 auctoritas.
2354 4143 2590 4238 Quare
