2848 4935
649 440 696 503 2
854 502 955 523 .‚
1234 428 2017 499 H.wE'rs'1·EN11
2109 414 2132 429 ‘

652 567 995 649 Nostfam
1043 565 1456 672 animorum
1496 567 2088 645 coniunctionem
2133 567 2418 645 virtutis
2449 568 2638 647 radi-

655 674 860 749 cibus
892 673 1129 747 nixam
1154 669 1340 745 nihil
1373 670 1819 768 dissociabit,
1872 672 2012 745 nisi
2036 700 2222 774 quae
2254 701 2388 749 nos
2412 674 2637 748 rebus

658 777 991 852 omnibus
1037 774 1442 853 valedicere
1484 774 1780 892 iubebit·
1815 799 2128 850 extrema
2168 774 2374 852 hora.
2478 777 2638 852 Nec

661 878 895 954 defuit
926 908 1250 981 unquam
1290 879 1653 979 promissis
1714 876 1828 953 vir
1873 881 2215 979 optimus.
2281 878 2489 954 cuius
2531 874 2659 954 sa-v

594 1046 601 1053 .
660 1004 1031 1058 crosancta
1071 980 1255 1055 mihi
1296 996 1582 1083 semper
1624 982 1760 1056 erit
1810 1002 2025 1083 atque
2080 982 2483 1057 suavissima
2524 1009 2644 1056 re·
2741 1030 2752 1037 ·
2813 1016 2814 1039 ι

662 1081 1006 1161 cordatio.
1110 1071 1623 1160 Salmasianum
1695 1084 2020 1163 codicem
2069 1085 2489 1160 obtinuerat
2547 1086 2640 1159 cl.

663 1189 1008 1265 Graevius
1032 1190 1517 1266 ahLudovioo
1548 1193 1914 1264 Sahnasio
1949 1186 2231 1261 Claudii
2261 1186 2645 1282 fi1103Va-

661 1292 1012 1366 lesianum
1054 1320 1094 1365 a
1131 1296 1528 1368 Guilielmo
1567 1296 1929 1367 Pro-stello
1976 1291 2454 1365 Antecessore
2486 1291 2648 1364 Au-

662 1394 1089 1491 relianensi3
1156 1419 1471 1494 quorum
1516 1392 2057 1469 benevolentiae
2112 1391 2301 1467 haec
2351 1413 2648 1493 accepta

661 1497 1061 1573 referimus.
1128 1496 1292 1586 Qua
1319 1499 1596 1572 ratione
1621 1496 1740 1570 his
1766 1524 1937 1570 usus
1967 1497 2056 1570 sit
2107 1497 2199 1569 cl.
2227 1499 2644 1593 Kuelznius,

662 1600 894 1703 ipsius
927 1600 1194 1675 indicat
1213 1586 1589 1719 praefatio:
1641 1620 1725 1675 ut
1759 1620 1830 1673 et
1861 1600 2123 1701 quibus
2169 1597 2453 1671 indiciis
2493 1598 2647 1695 pri-

663 1731 893 1780 mum
907 1702 1431 1802 investigaverit
1470 1703 1546 1774 in
1589 1700 2203 1777 commentarium
2251 1698 2646 1773 eruditissi-

664 1834 868 1881 mum
887 1808 1337 1902 Gotkofredi
1363 1807 1918 1902 Iur'zgermanni,
1945 1832 2164 1905 quem
2188 1824 2425 1876 tamen
2453 1830 2648 1875 nun-

668 1932 889 2008 quam
925 1906 1132 1999 vidit,
1178 1906 1414 1981 licet
1394 1908 1532 2007 ipsi
1567 1928 1730 1980 ante
1758 1908 2038 2002 obitum
2067 1905 2494 1982 innotuisset
2518 1905 2650 1979 uhi

665 2009 1014 2087 haereret.
1118 2009 1399 2111 Nempe
1439 2010 1744 2087 illustris
1790 2016 2232 2109 Artopoeus,
2285 2007 2649 2082 cancella·-

665 2112 819 2189 1ius
864 2112 1245 2206 Zeizeusis,
1289 2139 1444 2187 non
1490 2135 1652 2187 aute
1707 2112 1976 2187 destitit
2013 2113 2383 2213 inquirere
2430 2116 2650 2210 quam

669 2215 1087 2291 invenisset.
1148 2215 1503 2291 Latitabat
1524 2215 1648 2291 hic
1678 2231 1919 2290 tantus
1957 2216 2337 2290 thesaurus
2381 2214 2650 2289 Altorfi

669 2344 907 2420 prope
960 2317 1556 2438 Norimbergam,
1634 2317 1828 2418 apud
1882 2340 2203 2393 sutorem
2257 2314 2648 2434 quendam,

672 2423 801 2497 cui
830 2422 1039 2495 illum
1061 2421 1305 2495 nescio
1330 2423 1491 2525 quis
1530 2420 1827 2541 pignori
1855 2421 2151 2497 dederat
2187 2444 2326 2521 pro
2369 2420 2652 2517 paucis·

672 2524 865 2600 simis
905 2524 1336 2622 nummulis;
1400 2547 1712 2627 quatuor
1756 2525 2097 2600 nimirum
2141 2520 2652 2620 imperialibus.

671 2626 897 2704 Hunc
920 2655 1149 2728 quum
1178 2651 1442 2702 nactus
1467 2648 1671 2720 esset,
1703 2628 1898 2701 misit
1917 2626 2013 2699 ad
2057 2626 2406 2699 illustrem
2452 2629 2655 2701 Ula·-

588 2725 597 2730 ’
671 2757 840 2807 cum
874 2734 1335 2825 obt-echium,
1376 2731 1788 2803 Praetorem
1819 2729 2094 2847 regium
2133 2724 2330 2829 apud
2370 2726 2653 2830 Argen·

672 2835 1105 2921 tenuisses,
1145 2832 1379 2903 virum
1410 2829 1765 2929 quantivis
1794 2830 2030 2928 pretii,
2063 2833 2192 2932 qui
2222 2829 2425 2904 illum
2455 2833 2652 2904 ultro

679 2883 1244 3008 describendum
1313 2932 1579 3030 obtulit
1652 2933 1860 3006 fratri
1915 2961 2081 3009 meo
2152 2942 2266 3012 Io.
2326 2936 2652 3033 Rodolso

676 3037 801 3114 W
784 3039 1089 3110 etstenzo
1152 3033 1280 3111 SS:
1345 3033 1820 3154 Theologiam
1879 3035 1959 3110 in
2012 3036 2239 3113 Acad.
2285 3036 2655 3120 Basiliensi

677 3134 975 3256 publice
1025 3137 1429 3236 profitenti,
1496 3139 1628 3239 qui
1673 3139 1823 3214 eius
1862 3140 2359 3260 apographum
2398 3135 2492 3211 ad
2534 3163 2654 3210 me

674 3240 886 3318 misit
991 3241 1234 3330 Quum
1281 3265 1460 3316 vero
1497 3242 1743 3341 paullo
1773 3263 1940 3342 post
1982 3244 2135 3342 ipse
2177 3241 2657 3316 innotuissem

677 3342 948 3417 illustri
996 3345 1417 3463 Obrechto&
1461 3344 1590 3444 qui
1617 3366 1790 3418 tunc
1835 3347 1894 3420 F
1897 3345 2290 3419 rancosurti
2322 3343 2416 3418 ad
2448 3343 2658 3418 Moe-

678 3473 861 3520 num
910 3447 1228 3548 legatum
1267 3446 1548 3548 regium
1588 3449 1878 3554 agebat,
1944 3469 2141 3522 tanta
2185 3475 2300 3522 me
2342 3451 2660 3522 benevo-

674 3547 900 3624 lentia
935 3551 1170 3624 subito
1214 3549 1635 3648 complexus
1678 3570 1784 3623 est
1826 3551 1932 3624 vir
1972 3578 2300 3669 maguus,
2353 3571 2435 3624 ut
2487 3548 2656 3646 plus

677 3677 898 3753 quam
942 3651 1329 3752 plumbeus
1374 3654 1507 3723 siin
1552 3652 1613 3726 si
1642 3653 2057 3727 memoriam
2087 3655 2242 3726 eius
2270 3679 2421 3727 non
2447 3673 2657 3722 reve·
2695 3659 2698 3666 “

677 3780 841 3828 rear
870 3754 1115 3853 quoad
1144 3755 1407 3829 vixero.
1511 3754 1605 3827 Et
1636 3775 1786 3828 erat
1815 3756 2145 3854 profecto
2196 3754 2305 3827 illi
2333 3754 2489 3826 viro
2513 3748 2660 3824 hu·

677 3856 980 3932 manitas
1022 3877 1250 3958 atque
1319 3857 1612 3931 comitas
1654 3857 2083 3975 singularis,
2153 3855 2463 3930 eruditio
2509 3875 2660 3928 stu·

734 3955 1013 4054 enda,
993 3961 1361 4062 ingenium
1392 3959 1902 4053 felicissimum,
1951 3982 2036 4033 ut
2076 3959 2340 4034 dubius
2373 3982 2660 4058 semper

818 4063 1055 4154 serim,
1068 4019 1481 4180 t>quodnam
1521 4059 1796 4136 horum
1839 4063 2062 4167 magis
2104 4061 2183 4137 in
2219 4061 2364 4136 illo
2394 4059 2662 4135 miran-

684 4161 863 4241 dum
927 4166 1137 4241 foret.
1248 4161 1384 4240 His
1443 4164 1638 4241 enim
1685 4165 2022 4267 pollebat
2064 4164 2400 4244 omnibus
2441 4191 2663 4265 supra

1382 4432 1622 4534 ,waltt'
1735 4417 1779 4524 ’ζ’
